@book{bodker2004participatory,
  title={Participatory IT design: designing for business and workplace realities},
  author={B{\o}dker, Keld and Kensing, Finn and Simonsen, Jesper},
  year={2004},
  publisher={MIT press}
}

@inproceedings{crabtree1998ethnography,
  title={Ethnography in participatory design},
  author={Crabtree, Andy},
  booktitle={Proceedings of the 1998 Participatory design Conference},
  pages={93--105},
  year={1998}
}

@inproceedings{hughes1994moving,
  title={Moving out from the control room: Ethnography in system design},
  author={Hughes, John and King, Val and Rodden, Tom and Andersen, Hans},
  booktitle={Proceedings of the 1994 ACM conference on Computer supported cooperative work},
  pages={429--439},
  year={1994},
  organization={ACM}
}

@incollection{sol1984prototyping,
  title={Prototyping: A methodological assessment},
  author={Sol, Henk G},
  booktitle={Approaches to Prototyping},
  pages={368--382},
  year={1984},
  publisher={Springer}
}

@article{simonsen1997using,
  title={Using ethnography in contextural design},
  author={Simonsen, Jesper and Kensing, Finn},
  journal={Communications of the ACM},
  volume={40},
  number={7},
  pages={82--88},
  year={1997},
  publisher={ACM}
}

@book{beyer1997contextual,
  title={Contextual design: defining customer-centered systems},
  author={Beyer, Hugh and Holtzblatt, Karen},
  year={1997},
  publisher={Access Online via Elsevier}
}

@article{blomberg1993ethnographic,
  title={Ethnographic field methods and their relation to design},
  author={Blomberg, Jeanette and Giacomi, Jean and Mosher, Andrea and Swenton-Wall, Pat},
  journal={Participatory design: Principles and practices},
  pages={123--155},
  year={1993},
  publisher={Lawrence Erlbaum Assoc}
}

@article{kujala2003user,
  title={User involvement: a review of the benefits and challenges},
  author={Kujala, Sari},
  journal={Behaviour \& information technology},
  volume={22},
  number={1},
  pages={1--16},
  year={2003},
  publisher={Taylor \& Francis}
}

@article{karat1997evolving,
  title={Evolving the scope of user-centered design},
  author={Karat, John},
  journal={Communications of the ACM},
  volume={40},
  number={7},
  pages={33--38},
  year={1997},
  publisher={ACM}
}

@article{clausen1993narratives,
  title={Narratives as tools for the system designer},
  author={Clausen, Hasse},
  journal={Design Studies},
  volume={14},
  number={3},
  pages={283--298},
  year={1993},
  publisher={Elsevier}
}

@article{kensing1991generating,
  title={Generating visions: Future workshops and metaphorical design},
  author={Kensing, Finn and Madsen, K Halskov},
  journal={Design at work: Cooperative design of computer systems},
  pages={155--168},
  year={1991},
  publisher={Lawrence Erlbaum Assoc}
}

@article{hill1997swot,
  title={SWOT analysis: it's time for a product recall},
  author={Hill, Terry and Westbrook, Roy},
  journal={Long range planning},
  volume={30},
  number={1},
  pages={46--52},
  year={1997},
  publisher={Elsevier}
}

@book{andersen1990professional,
  title={Professional systems development: experience, ideas and action},
  author={Andersen, Niels E and Kensing, Finn and Lundin, Jette and Mathiassen, Lars and Munk-Madsen, Andreas and Rasbech, Monika and S{\o}rgaard, P{\aa}l},
  year={1990},
  publisher={Prentice-Hall, Inc.}
}

@misc{standish2012,
    title={CHAOS MANIFESTO 2012: The Year of the Executive Sponsor},
    author = {STANDISH GROUP and others},
    note={Available on-line at
        \url{http://versionone.com/assets/img/files/CHAOSManifesto2012.pdf}},
    year={2012}
}

@article{bronte2005developing,
  title={Developing a risk estimation model from IT project failure research},
  author={Bronte-Stewart, M},
  journal={Computing and Information Systems},
  volume={9},
  number={3},
  pages={8},
  year={2005},
  publisher={UNIVERSITY OF PAISLEY}
}

@misc{standish1995chaos,
  title={The CHAOS Report into Project Failure, The Standish Group International Inc},
  author={STANDISH GROUP and others},
  note={Available on-line at \url{http://www.standishgroup.com/visitor/chaos.htm}},
  year={1995}
}

@misc{jyskebank,
author = {Devantier, Nicolai},
title = {Hvor sv\ae rt kan det v\ae re?: Jyske Bank skifter it-platform paa en weekend},
month = sep,
year = {2012},
note = {Available on-line at \url{http://www.computerworld.dk/art/220415/hvor-svaert-kan-det-vaere-jyske-bank-skifter-it-platform-paa-en-weekend}}
}
